<record><leader>00000cas a2200000   4500</leader><controlfield tag="001">2441043</controlfield><controlfield tag="008">760129d18571976nyuwr pe      0   a0eng  </controlfield><datafield ind1=" " ind2=" " tag="010"><subfield code="a">   12032976 </subfield><subfield code="z">sn 88084069 </subfield><subfield code="z">sn 97067081 </subfield></datafield><datafield ind1=" " ind2=" " tag="040"><subfield code="a">DLC</subfield><subfield code="b">eng</subfield><subfield code="c">DLC</subfield><subfield code="d">NSD</subfield><subfield code="d">OCL</subfield><subfield code="d">DLC</subfield><subfield code="d">OCL</subfield><subfield code="d">NST</subfield><subfield code="d">IUL</subfield><subfield code="d">NSD</subfield><subfield code="d">OCLCQ</subfield><subfield code="d">CUV</subfield><subfield code="d">SMU</subfield><subfield code="d">OCLCQ</subfield><subfield code="d">DLC</subfield><subfield code="d">OCLCQ</subfield><subfield code="d">IMF</subfield><subfield code="d">IUL</subfield></datafield><datafield ind1=" " ind2=" " tag="012"><subfield code="a">2</subfield><subfield code="b">3</subfield><subfield code="j">0</subfield></datafield><datafield ind1=" " ind2=" " tag="019"><subfield code="a">1751780</subfield><subfield code="a">2261750</subfield><subfield code="a">14183294</subfield><subfield code="a">18357469</subfield><subfield code="a">34652232</subfield></datafield><datafield ind1=" " ind2=" " tag="022"><subfield code="a">0360-2397</subfield><subfield code="l">0360-2397</subfield><subfield code="z">0438-6221</subfield><subfield code="2">1</subfield></datafield><datafield ind1=" " ind2=" " tag="042"><subfield code="a">pcc</subfield><subfield code="a">nsdp</subfield></datafield><datafield ind1=" " ind2=" " tag="043"><subfield code="a">n-us---</subfield></datafield><datafield ind1="0" ind2="0" tag="050"><subfield code="a">AP2</subfield><subfield code="b">.H32</subfield></datafield><datafield ind1="0" ind2="4" tag="082"><subfield code="a">051</subfield></datafield><datafield ind1=" " ind2="0" tag="222"><subfield code="a">Harper's weekly</subfield></datafield><datafield ind1="0" ind2="0" tag="245"><subfield code="a">Harper's weekly.</subfield></datafield><datafield ind1=" " ind2=" " tag="260"><subfield code="a">[New York,</subfield><subfield code="b">Harper's Magazine Co., etc.]</subfield></datafield><datafield ind1=" " ind2=" " tag="300"><subfield code="a">65 v.</subfield><subfield code="b">ill.</subfield><subfield code="c">34-41 cm.</subfield></datafield><datafield ind1=" " ind2=" " tag="310"><subfield code="a">Weekly,</subfield><subfield code="b">-Sept. 6, 1976</subfield></datafield><datafield ind1=" " ind2=" " tag="321"><subfield code="a">Weekly,</subfield><subfield code="b">1857-May 13, 1916</subfield></datafield><datafield ind1=" " ind2=" " tag="321"><subfield code="a">Biweekly,</subfield><subfield code="b">Nov. 24, 1975-July 26, 1976</subfield></datafield><datafield ind1="0" ind2=" " tag="362"><subfield code="a">v. 1-65 (no. 1-3169); Jan. 3, 1857-Sept. 6, 1976.</subfield></datafield><datafield ind1=" " ind2=" " tag="500"><subfield code="a">"A journal of civilization."</subfield></datafield><datafield ind1=" " ind2=" " tag="500"><subfield code="a">Editors: 1857?-63, J. Bonner.--1863-92, G.W. Curtis (managing editors: 1863-69, H.M. Alden; 1869-85, S.S. Conant; later M. Schuyler, J. Foord, R.H. Davis).--1892-93? C. Schurz.--1894-98, H.L. Nelson.--1899-1901, J.K. Bangs.--1901-13, G.B.M. Harvey.--1913-16, N. Hapgood.</subfield></datafield><datafield ind1=" " ind2=" " tag="530"><subfield code="a">Also issued in microform by various publishers.</subfield></datafield><datafield ind1=" " ind2=" " tag="580"><subfield code="a">Merged into the Independent, May 1916; resumed publication Nov. 15, 1974.</subfield></datafield><datafield ind1=" " ind2="0" tag="651"><subfield code="a">United States</subfield><subfield code="x">Social life and customs</subfield><subfield code="v">Periodicals.</subfield></datafield><datafield ind1="1" ind2=" " tag="700"><subfield code="a">Bonner, John,</subfield><subfield code="d">1828-1899,</subfield><subfield code="e">editor.</subfield></datafield><datafield ind1="1" ind2=" " tag="700"><subfield code="a">Curtis, George William,</subfield><subfield code="d">1824-1892,</subfield><subfield code="e">editor.</subfield></datafield><datafield ind1="1" ind2=" " tag="700"><subfield code="a">Alden, Henry Mills,</subfield><subfield code="d">1836-1919,</subfield><subfield code="e">editor.</subfield></datafield><datafield ind1="1" ind2=" " tag="700"><subfield code="a">Conant, Samuel Stillman,</subfield><subfield code="d">1831-1885?,</subfield><subfield code="e">editor.</subfield></datafield><datafield ind1="1" ind2=" " tag="700"><subfield code="a">Schuyler, Montgomery,</subfield><subfield code="d">1843-1914,</subfield><subfield code="e">editor.</subfield></datafield><datafield ind1="1" ind2=" " tag="700"><subfield code="a">Foord, John,</subfield><subfield code="d">1842-1922,</subfield><subfield code="e">editor.</subfield></datafield><datafield ind1="1" ind2=" " tag="700"><subfield code="a">Davis, Richard Harding,</subfield><subfield code="d">1864-1916,</subfield><subfield code="e">editor.</subfield></datafield><datafield ind1="1" ind2=" " tag="700"><subfield code="a">Schurz, Carl,</subfield><subfield code="d">1829-1906,</subfield><subfield code="e">editor.</subfield></datafield><datafield ind1="1" ind2=" " tag="700"><subfield code="a">Nelson, Henry Loomis,</subfield><subfield code="d">1846-1908,</subfield><subfield code="e">editor.</subfield></datafield><datafield ind1="1" ind2=" " tag="700"><subfield code="a">Bangs, John Kendrick,</subfield><subfield code="d">1862-1922,</subfield><subfield code="e">editor.</subfield></datafield><datafield ind1="1" ind2=" " tag="700"><subfield code="a">Harvey, George Brinton McClellan,</subfield><subfield code="d">1864-1928,</subfield><subfield code="e">editor.</subfield></datafield><datafield ind1="1" ind2=" " tag="700"><subfield code="a">Hapgood, Norman,</subfield><subfield code="d">1868-1937,</subfield><subfield code="e">editor.</subfield></datafield><datafield ind1="0" ind2="8" tag="776"><subfield code="i">Online version:</subfield><subfield code="t">Harper's weekly</subfield><subfield code="x">0360-2397</subfield><subfield code="w">(OCoLC)615817226</subfield></datafield><datafield ind1="1" ind2="4" tag="785"><subfield code="t">Independent (New York, N.Y. : 1848)</subfield><subfield code="w">(DLC)sf 85001147</subfield><subfield code="w">(OCoLC)6139021</subfield></datafield><datafield ind1=" " ind2=" " tag="850"><subfield code="a">CaMWUC</subfield><subfield code="a">CoU</subfield><subfield code="a">DLC</subfield><subfield code="a">In</subfield><subfield code="a">InU</subfield><subfield code="a">MnU</subfield><subfield code="a">NcD</subfield><subfield code="a">NcRS</subfield><subfield code="a">ViU</subfield><subfield code="a">ViW</subfield></datafield><datafield ind1="1" ind2=" " tag="029"><subfield code="a">NZ1</subfield><subfield code="b">3719991</subfield></datafield><datafield ind1="1" ind2=" " tag="029"><subfield code="a">AU@</subfield><subfield code="b">000000965380</subfield></datafield><datafield ind1="1" ind2=" " tag="029"><subfield code="a">AU@</subfield><subfield code="b">000006021368</subfield></datafield><datafield ind1="1" ind2=" " tag="029"><subfield code="a">AU@</subfield><subfield code="b">000013141194</subfield></datafield></record>